<record><leader>00000cas a22000007a 4500</leader><controlfield tag="001">1695703</controlfield><controlfield tag="008">751012d18891982mnuwr ne      0   a0eng d</controlfield><datafield ind1=" " ind2=" " tag="010"><subfield code="a">sn 89064731 </subfield></datafield><datafield ind1=" " ind2=" " tag="040"><subfield code="a">MUL</subfield><subfield code="b">eng</subfield><subfield code="c">MUL</subfield><subfield code="d">NSD</subfield><subfield code="d">MN#</subfield><subfield code="d">OCLCQ</subfield><subfield code="d">OCLCF</subfield><subfield code="d">OCLCO</subfield></datafield><datafield ind1=" " ind2=" " tag="042"><subfield code="a">msc</subfield></datafield><datafield ind1=" " ind2=" " tag="043"><subfield code="a">n-us-mn</subfield></datafield><datafield ind1=" " ind2=" " tag="052"><subfield code="a">4144</subfield><subfield code="b">H5</subfield></datafield><datafield ind1=" " ind2=" " tag="052"><subfield code="a">4143</subfield><subfield code="b">R5</subfield></datafield><datafield ind1="0" ind2="0" tag="245"><subfield code="a">Hector mirror.</subfield></datafield><datafield ind1=" " ind2=" " tag="260"><subfield code="a">Hector, Minn. :</subfield><subfield code="b">Corson &amp; Dean,</subfield><subfield code="c">-1982.</subfield></datafield><datafield ind1=" " ind2=" " tag="300"><subfield code="a">v.</subfield></datafield><datafield ind1="1" ind2=" " tag="362"><subfield code="a">Began in 1889.</subfield></datafield><datafield ind1="0" ind2=" " tag="362"><subfield code="a">-v. 94, issue 5 (Mar. 24, 1982).</subfield></datafield><datafield ind1=" " ind2=" " tag="530"><subfield code="a">Available on microfilm from the Minnesota Historical Society.</subfield></datafield><datafield ind1=" " ind2=" " tag="588"><subfield code="a">Description based on: Vol. 1, no. 2 (Aug. 8, 1889).</subfield></datafield><datafield ind1=" " ind2="0" tag="651"><subfield code="a">Hector (Minn.)</subfield><subfield code="v">Newspapers.</subfield></datafield><datafield ind1=" " ind2="7" tag="655"><subfield code="a">Newspapers.</subfield><subfield code="2">fast</subfield><subfield code="0">(OCoLC)fst01423814</subfield></datafield><datafield ind1=" " ind2="7" tag="651"><subfield code="a">Minnesota</subfield><subfield code="z">Hector.</subfield><subfield code="2">fast</subfield><subfield code="0">(OCoLC)fst01229603</subfield></datafield><datafield ind1=" " ind2=" " tag="752"><subfield code="a">United States</subfield><subfield code="b">Minnesota</subfield><subfield code="c">Renville</subfield><subfield code="d">Hector.</subfield></datafield><datafield ind1="0" ind2="5" tag="780"><subfield code="t">Cosmos news</subfield><subfield code="w">(DLC)sn 89064862</subfield></datafield><datafield ind1="0" ind2="7" tag="785"><subfield code="t">Buffalo Lake news</subfield><subfield code="w">(DLC)sn 89064734</subfield><subfield code="w">(OCoLC)1537638</subfield></datafield><datafield ind1="0" ind2="7" tag="785"><subfield code="t">News mirror</subfield><subfield code="x">0744-5180</subfield><subfield code="w">(DLC)sn 82002412</subfield></datafield></record>